/home/kvint/lit/mendeley/gibbs.bib